%=====================================================================================================
%2. Bezier curves
@article{Bez:1,
  title = {Semi-automatic system for defining free-form curves and surfaces},
  author={B{\'e}zier, Pierre and Sioussiou, Salah},
  journal={Computer-Aided Design},
  volume={15},
  number={2},
  pages={65--72},
  year={1983},
  publisher={Elsevier}
}

%=====================================================================================================
%1. Bernstein polynomials
@article{Bern:1,
  title={D{\'e}monstration du th{\'e}oreme de {W}eierstrass fond{\'e}e sur le calcul des probabilities},
  author={Bern{\v{s}}te{\i}n, Sergei},
  journal={Comm. Soc. Math. Kharkov},
  volume={13},
  pages={1--2},
  year={1912}
}
%=====================================================================================================
%=====================================================================================================
%5 Biomodels Database
@article{BioModels,
  title={BioModels Database: a free, centralized database of curated, published, quantitative kinetic models of biochemical and cellular systems},
  author={Le Novere, Nicolas and Bornstein, Benjamin and Broicher, Alexander and Courtot, Melanie and Donizelli, Marco and Dharuri, Harish and Li, Lu and Sauro, Herbert and Schilstra, Maria and Shapiro, Bruce and others},
  journal={Nucleic Acids Research},
  volume={34},
  pages={D689--D691},
  year={2006},
  publisher={Oxford University Press}
}
%=====================================================================================================
@article{Row:1,
  title={Understanding glucose transport by the bacterial phosphoenolpyruvate: glycose phosphotransferase system on the basis of kinetic measurements in vitro},
  author={Rohwer, Johann  and Meadow, Norman and Roseman, Saul and Westerhoff, Hans and Postma, Pieter },
  journal={Journal of Biological Chemistry},
  volume={275},
  number={45},
  pages={34909--34921},
  year={2000},
  publisher={ASBMB}
}
%=====================================================================================================
